@inproceedings{wgan,
  author    = {Mart{\'{\i}}n Arjovsky and
               Soumith Chintala and
               L{\'{e}}on Bottou},
  title     = {Wasserstein Generative Adversarial Networks},
  booktitle = {Proceedings of the 34th International Conference on Machine Learning,
               {ICML} 2017, Sydney, NSW, Australia, 6-11 August 2017},
  pages     = {214--223},
  year      = {2017}
}

@inproceedings{gan,
  author    = {Ian J. Goodfellow and
               Jean Pouget{-}Abadie and
               Mehdi Mirza and
               Bing Xu and
               David Warde{-}Farley and
               Sherjil Ozair and
               Aaron C. Courville and
               Yoshua Bengio},
  title     = {Generative Adversarial Nets},
  booktitle = {Advances in Neural Information Processing Systems 27: Annual Conference
               on Neural Information Processing Systems 2014, December 8-13 2014,
               Montreal, Quebec, Canada},
  pages     = {2672--2680},
  year      = {2014}
}

@article{dcgan,
  author    = {Alec Radford and
               Luke Metz and
               Soumith Chintala},
  title     = {Unsupervised Representation Learning with Deep Convolutional Generative
               Adversarial Networks},
  journal   = {CoRR},
  volume    = {abs/1511.06434},
  year      = {2015},
  archivePrefix = {arXiv},
  eprint    = {1511.06434}
}

@article{lsgan,
  author    = {Xudong Mao and
               Qing Li and
               Haoran Xie and
               Raymond Y. K. Lau and
               Zhen Wang},
  title     = {Multi-class Generative Adversarial Networks with the {L2} Loss Function},
  journal   = {CoRR},
  volume    = {abs/1611.04076},
  year      = {2016},
  archivePrefix = {arXiv},
  eprint    = {1611.04076}
}

@article{odena2016deconvolution,
  author = {Odena, Augustus and Dumoulin, Vincent and Olah, Chris},
  title = {Deconvolution and Checkerboard Artifacts},
  journal = {Distill},
  year = {2016}
}

@article{wgangp,
  author    = {Ishaan Gulrajani and
               Faruk Ahmed and
               Mart{\'{\i}}n Arjovsky and
               Vincent Dumoulin and
               Aaron C. Courville},
  title     = {Improved Training of Wasserstein GANs},
  journal   = {CoRR},
  volume    = {abs/1704.00028},
  year      = {2017},
}
